
@article{AdlersteinDorn1998,
author =  {Adlerstein, S. A. and Dorn, M. W.},
title =   {The effect of Kudoa paniformis infection on the reproductive effort of female {P}acific hake},
journal = {Canadian Journal of Zoology},
year =    {1998},
volume =  {76},
number =  {12},
pages =   {2285-2289}
}

@article{AgostiniFrancisEtAl2006,
author =  {Agostini, Vera N. and Francis, R. C. and Hollowed, Anne and Pierce, Stephen D. and Wilson, Christopher D. and Hendrix, Albert N.},
title =   {The relationship between {P}acific hake (\emph{Merluccius productus}) distribution and poleward subsurface flow in the California Current system},
journal = {Canadian Journal of Fisheries and Aquatic Sciences},
year =    {2006},
volume =  {63},
pages =   {2648-2659}
}

@article{AlarconCubillosEtAl2011,
author =  {Alarcon, C. and Cubillos, L. A. and Acuna, E.},
title =   {Length-based growth, maturity and natural mortality of the cockfish Callorhinchus callorhynchus (Linnaeus, 1758) off Coquimbo, Chile},
journal = {Environmental Biology of Fishes},
year =    {2011},
volume =  {92},
number =  {1},
pages =   {65-78},
note =    {Times Cited: 0 Alarcon, Carolina Cubillos, Luis A. Acuna, Enzo}
}

@Book{AlheitPitcher1995,
title =     {Hake: Biology, fisheries and markets},
publisher = {Springer},
year =      {1995},
editor =    {Alheit, J. and Pitcher, T.J.},
address =   {Netherlands},
pages =     {xxii+478~p}
}

@article{ali2016rad,
title={RAD capture (Rapture): flexible and efficient sequence-based genotyping},
author={Ali, O. A. and O'Rourke, S. M. and Amish, S. J. and Meek, M. H. and
        Luikart, G. and Jeffres, C. and Miller, M. R.},
journal={Genetics},
volume={202},
number={2},
pages={389-400},
year={2016}
}

@article{BaileyFrancis1985,
author =  {Bailey, K. M. and Francis, R. C.},
title =   {Recruitment of Pacific whiting, \emph{Merluccius productus}, and the ocean environment},
journal = {Marine Fisheries Review},
year =    {1985},
volume =  {47},
number =  {2},
pages =   {8-15}
}

@article{BaileyFrancisEtAl1982,
author =   {Bailey, K. M. and Francis, R. C. and Stevens, P. R.},
title =    {The life history and fishery of Pacific whiting, \emph{Merluccius productus}},
journal =  {California Cooperative Oceanic Fisheries Investigations Reports},
year =     {1982},
volume =   {XXIII},
pages =    {81-98}
}

@article{baird2008rapid,
title={Rapid SNP discovery and genetic mapping using sequenced RAD markers},
author={Baird, N. A. and Etter, P. D and Atwood, T. S. and Currey, M. C. and Shiver, A. L. and Lewis, Z. A. and Selker, E. U. and Cresko, W. A.
  and Johnson, E. A.},
journal={PLoS ONE},
volume={3},
number={10},
pages={e3376},
year={2008}
}

@article{BensonMcFarlaneEtAl2002,
author =  {Benson, Ashleen J. and McFarlane, Gordon A. and Allen, Susan E. and Dower, John F.},
title =   {Changes in {P}acific hake (\emph{Merluccius productus}) migration pattern and juvenile growth related to the 1989 regime shift},
journal = {Canadian Journal of Fisheries and Aquatic Sciences},
year =    {2002},
volume =  {59},
pages =   {1969-1979}
}

@article{BentleyLangley2012,
author =  {Bentley, Nokome and Langley, Adam D},
title =   {Feasible stock trajectories: a flexible and efficient sequential estimator for use in fisheries management procedures},
journal = {Canadian Journal of Fisheries and Aquatic Sciences},
year =    {2012},
volume =  {69},
number =  {1},
pages =   {161-177}
}

% Change to Berger2019  when update with publication details, remove . from journal title, and add in page numbers
%  instead of url (we don't have urls for standard papers).
@article{Berger2018,
author =   {A.M. Berger},
title =    {Character of temporal variability in stock productivity influences the utility of dynamic reference points},
journal =  {Fisheries Research.},
year =     {in press},
volume =   {},
doi = {10.1016/j.fishres.2018.11.028},
}
% https://doi.org/10.1016/j.fishres.2018.11.028

@techreport{bradburn_2003_2011,
title = {The 2003 to 2008 {U}.{S}. {W}est {C}oast bottom trawl surveys of groundfish resources off {W}ashington, {O}regon, and {C}alifornia: estimates of distribution, abundance, length, and age composition},
institution = {{U}.{S}. Department of Commerce},
author = {M.J. Bradburn and A.A. Keller and B.H. Horness},
year = {2011},
address = {Seattle, WA},
number = {NMFS-NWFSC-114},
pages = {323~p},
}

@techreport{brodziak1997,
author = "J. Brodziak",
title = "Standardized catch rates for the deep-water complex",
year = 1997,
institution = "Fishery Resource Analysis and Monitoring Division, Northwest Fisheries Science Center, National Marine Fisheries Service",
address = "Newport, OR",
manuscript = "sablefish_2015"}

@techreport{browning1980,
author = "R.J. Browning",
title = "Fisheries of the {N}orth {P}acific: history, species, gear, \& processes",
year = 1980,
institution = "Alaska Northwest Publishing Company",
address = "Anchorage, AK"}

@article{ButlerNishimoto1997,
author =  {Butler, John L. and Nishimoto, Robert N.},
title =   {Growth and cohort dynamics of larval pacific hake (\emph{Merluccius productus})},
journal = {California Cooperative Oceanic Fisheries Investigations Reports},
year =    {1997},
volume =  {38},
pages =   {63-68}
}

@article{Cass-Calay1997,
author =  {Cass-Calay, Shannon L.},
title =   {Relation of mean growth rate to concentration of prey-sized particles for larvae of {P}acific hake (\emph{Merluccius productus})},
journal = {California Cooperative Oceanic Fisheries Investigations Reports},
year =    {1997},
volume =  {38},
pages =   {69-76}
}

@article{connolly2014,
author = {Connolly, T.P. and Hickey, B.M. and Shulman, I. and Thomson, R.E.},
year =2014,
titl ={Coastal trapped waves, alongshore pressure gradients, and the {C}alifornia {U}ndercurrent},
journal = {Journal of Physical Oceanography},
volume = 44,
number = 1, 
pages = {319-342},
}

@techreport{crone1997sablefish,
author = "P.R. Crone and R.D. Methot and R.J. Conser and R.R. Lauth and M.E. Wilkins",
year = 1997,
title = "Status of the sablefish resource off the {U}.{S}. {P}acific coast in 1997",
institution = "Pacific Fishery Management Council",
address = "Portland, OR",
url = "http://www.pcouncil.org/groundfish/stock-assessments",
}

@article{davis2001,
title = "Stress induced by hooking, net towing, elevated sea water temperature and air in sablefish: lack of concordance between mortality and physiological measures of stress",
author = "M.W. Davis and B.L. Olla and C.B. Schreck",
journal = "Journal of Fish Biology",
year = 2001,
volume = 58,
number = "",
pages = "1-15",
doi = "",
keywords = "",
qualityassured = "",
manuscript = "sablefish_2015",
}

@Misc{DFO2009,
 author    = {DFO},
 title     = {A fishery decision-making framework incorporating the Precautionary Approach. Available at {http://www.dfo-mpo.gc.ca/reports-rapports/regs/sff-cpd/precaution-eng.htm}},
 year      = {2009},
}

@article{dilorenzo2013,
title = "Advances in marine ecosystem dynamics from {U}{S} {GLOBEC}: the horizontal-advection bottom-up forcing paradigm",
author = "E. Di {L}orenzo and D. Mountain and H.P. Batchelder and N. Bond and E.E. Hofmann",
journal = "Oceanography",
year = 2013,
volume = 26,
number = "",
pages = "22-33",
doi = "",
keywords = "",
qualityassured = "",
manuscript = "",
}

@Misc{Dorn1991,
author = {Dorn, Martin W.},
title =  {Spatial and temporal patterns in the catch of Pacific whiting in the U.S. management zone during 1978-88. Available at {http://www.pcouncil.org/groundfish/stock-assessments/by-species/pacific-whiting-hake}},
year =   {1991}
}

@article{Dorn1992,
author =  {Dorn, Martin W.},
title =   {Detecting environmental covariates of Pacific whiting \emph{Merluccius productus} growth using a growth-increment regression model},
journal = {Fishery Bulletin},
year =    {1992},
volume =  {90},
pages =   {260-275}
}

@Misc{Dorn1994,
author = {Dorn, Martin W.},
title =  {Status of the coastal Pacific whiting resource in 1994. Available at {http://www.pcouncil.org/groundfish/stock-assessments/by-species/pacific-whiting-hake}},
year =   {1994}
}

@Misc{Dorn1995a,
author = {Dorn, Martin W.},
title =  {Status of the coastal Pacific whiting resource in 1995. Available at {http://www.pcouncil.org/groundfish/stock-assessments/by-species/pacific-whiting-hake}},
year =   {1995}
}

@article{Dorn1995b,
author =  {Dorn, M.W.},
title =   {The effects of age composition and oceanographic conditions on the annual migration of Pacific whiting, \emph{Merluccius productus}},
journal = {California Cooperative Oceanic Fisheries Investigations Reports},
year =    {1995},
volume =  {36},
pages =   {97-105}
}

@Misc{Dorn1996,
author = {Dorn, Martin W.},
title =  {Status of the coastal Pacific whiting resource in 1996. Available at {http://www.pcouncil.org/groundfish/stock-assessments/by-species/pacific-whiting-hake}},
year =   {1996}
}

@article{Dorn1997,
author =  {Dorn, Martin W.},
title =   {Mesoscale fishing patterns of factory trawlers in the {P}acific hake (\emph{Merluccius productus}) fishery },
journal = {California Cooperative Oceanic Fisheries Investigations Reports},
year =    {1997},
volume =  {38},
pages =   {77-89}
}

@article{Dorn1998,
author =  {Dorn, Martin W.},
title =   {Fine-scale fishing strategies of factory trawlers in a midwater trawl fishery for {P}acific hake (\emph{Merluccius productus})},
journal = {Canadian Journal of Fisheries and Aquatic Sciences},
year =    {1998},
volume =  {55},
pages =   {180-198}
}

@Misc{DornMethot1990,
author = {Dorn, Martin W. and Methot, R. D.},
title =  {Status of the Pacific whiting resource in 1989 and recommendations to management in 1990. Available at {http://www.pcouncil.org/groundfish/stock-assessments/by-species/pacific-whiting-hake}},
year =   {1990}
}

% Need more info???
@Misc{DornMethot1991,
author = {Dorn, Martin W. and Methot, R. D.},
title =  {Status of the Pacific whiting resource in 1991. Available at {http://www.pcouncil.org/groundfish/stock-assessments/by-species/pacific-whiting-hake}},
year =   {1991}
}

% Need more info???
@Misc{DornMethot1992,
author = {Dorn, Martin W. and Methot, R. D.},
title =  {Status of the coastal Pacific whiting resource in 1992. Available at {\protect{http://www.pcouncil.org/groundfish/stock-assessments/by-species/pacific-whiting-hake}}},
year =   {1992}
}
% Needed a \protect for that one; I think because the final word
%  wraps over a line in the resulting .pdf.

% This needs tidying
@Misc{DornMethotEtAl1990,
author = {Dorn, Martin W. and Methot, R. D. and Nunnallee, Edmund P. and Wilkins, M. W.},
title =  {Status of the coastal Pacific whiting resource in 1990. Available at {http://www.pcouncil.org/groundfish/stock-assessments/by-species/pacific-whiting-hake}},
year =   {1990}
}

@Misc{DornNunnalleeEtAl1994,
author = {Dorn, Martin W. and Nunnallee, Edmund P. and Wilson, Christopher D. and Wilkins, M.},
title =  {Status of the coastal Pacific whiting resource in 1993. Available at {http://www.pcouncil.org/groundfish/stock-assessments/by-species/pacific-whiting-hake}},
year =   {1994}
}

% Taken from 2015 assessment references:
@Misc{DornSaunders1997,
author = {Dorn, M. W. and M. Saunders},
title =  {Status of the coastal Pacific whiting stock in U.S. and Canada in 1997. In Appendix: Status of the Pacific Coast Groundfish Fishery Through 1997 and Recommended Biological Catches for 1998: Stock Assessment and Fishery Evaluation. Pacific Fishery Management Council. Portland, OR. Available at {{http://www.pcouncil.org/groundfish/stock-assessments/by-species/pacific-whiting-hake}}},
year =   {1997}
}
%   pages =  {84~p}    [most others don't have the pages; having in seems
%                        to mess up the link to website in the .pdf]

@Misc{DornSaundersEtAl1999,
author = {Dorn, Martin W. and Saunders, Mark W. and Wilson, Christopher D. and Guttormsen, Michael A. and Cooke, Kenneth and Kieser, Robert and Wilkins, Mark E.},
title =  {Status of the coastal {P}acific hake/whiting stock in U.S. and Canada in 1998. Available at {http://www.pcouncil.org/groundfish/stock-assessments/by-species/pacific-whiting-hake}},
year =   {1999}
}

@article{echave2012fishbullinterdecadal,
author = "Echave, K.B. and Hanselman, D.H. and Adkison, M.D. and Sigler, M.F.",
year = 2012,
journal = "Fisheries Bulletin",
title = "Interdecadal change in growth of sablefish (\emph{{A}noplopoma fimbria}) in the northeast {P}acific {O}cean",
volume = 210,
pages = "361-374",
}

@article{EdwardsDupliseaEtAl2018,
author = {A.M. Edwards and D.E. Duplisea and M.H. Grinnell and S.C. Anderson and C.J. Grandin and D. Ricard and E.A. Keppel and E.D. Anderson and K.D. Baker and H.P. Beno\^it and J.S. Cleary and B.M. Connors and M. Desgagn\'es and P.A. English and D.J. Fishman and C. Freshwater and K.J. Hedges and C.A. Holt and K.R. Holt and A.R. Kronlund and A. Mariscak and S.G. Obradovich and B.A. Patten and B. Rogers and C.N. Rooper and M.R. Simpson and T.J. Surette and R.F. Tallman and L.J. Wheeland and C. Wor and X. Zhu},
title =   {Proceedings of the Technical Expertise in Stock Assessment (TESA) national workshop on `Tools for transparent, traceable, and transferable assessments,' 27--30 November 2018 in Nanaimo, British Columbia},
journal = {Canadian Technical Report of Fisheries and Aquatic Sciences},
year =    {2018},
volume =  {3290},
pages =   {v~+~10~p}
}

@book{eschmeyer1983,
author = "W.N. Eschmeyer and E.S. Herald",
year = 1983,
title = "A field guide to {P}acific coast fishes of {N}orth {A}merica",
publisher = "Houghton Mifflin Co.",
address = "Boston, MA"}

@Misc{FleischerCookeEtAl2005,
author = {Fleischer, Guy W. and Cooke, Kenneth D. and Ressler, Patrick H. and Thomas, Rebecca E. and de Blois, Steve K. and Hufnagle, Lawrence C. and Kronlund, A. R. and Holmes, John A. and Wilson, Christopher D.},
title =  {The 2003 integrated acoustic and trawl survey of {P}acific hake, \emph{Merluccius productus}, in {U}.{S}. and {C}anadian waters off the Pacific Coast},
year =   {2005}
}

@Misc{FleischerCookeEtAl2008,
author = {Fleischer, Guy W. and Cooke, Ken D. and Ressler, Patrick H. and Thomas, Rebecca E. and de Blois, Stephen K. and Hufnagle, Lawrence C.},
title =  {The 2005 integrated acoustic and trawl survey of {P}acific hake, \emph{Merluccius productus}, in {U}.{S}. and {C}anadian waters off the Pacific coast},
year =   {2008}
}

@article{Francis1983,
author =  {Francis, R. C.},
title =   {Population and trophic dynamics of Pacific whiting, (\emph{Merluccius productus})},
journal = {Canadian Journal of Fisheries and Aquatic Sciences},
year =    {1983},
volume =  {40},
pages =   {1925-1943}
}

@techreport{francis1984sablefish,
author = "R.C. Francis",
year = 1984,
title = "Status of {P}acific coast groundfish fishery and recommendations for management in 1985",
institution = "Pacific Fishery Management Council",
address = "Portland, OR",
url = "http://www.pcouncil.org/groundfish/stock-assessments",
}

@techreport{francis1985sablefish,
author = "R.C. Francis",
year = 1985,
title = "Status of the sablefish resource of the {U}.{S}. {W}est {C}oast and recommendations for management in 1986",
institution = "Pacific Fishery Management Council",
address = "Portland, OR",
url = "http://www.pcouncil.org/groundfish/stock-assessments",
}

@techreport{Francis1985,
author = {R.C. Francis},
title =  {Status of the {P}acific hake resource and recommendations for management in 1986.},
year =   {1985},
institution = "Pacific Fishery Management Council",
address = "Portland, OR",
url = "http://www.pcouncil.org/groundfish/stock-assessments",
}

@article{Francis2011,
author = {Francis, R.I.C.C.},
title = {Data weighting in statistical fisheries stock assessment models},
journal   = {Canadian Journal of Fisheries and Aquatic Sciences},
year = {2011},
Volume = {68},
Number = {6},
Pages = {1124-1138},
}

@article{FrancisHollowed1985,
author =  {Francis, R. C. and Hollowed, A. B.},
title =   {History and management of the coastal fishery for Pacific whiting, \emph{Merluccius productus}},
journal = {Marine Fisheries Review},
year =    {1985},
volume =  {47},
number =  {2},
pages =   {95-98}
}

@techreport{FrancisSwartzmanEtAl1982,
author = {R.C. Francis and G.L. Swartzman and W.M. Getz and R. Haar and K. Rose},
title =  {A management analysis of the {P}acific whiting fishery},
year =   {1982},
institution = {U.S. Department of Commerce, NWAFC Processed Report},
number = {82-06},
pages = {48~p}
}

@techreport{fujioka1988docdescription,
author = "J.T. Fujioka and F.R. Shaw and G.A. Mc{F}arlane and T. Sasaki and B.E. Bracken",
year = 1988,
title = "Description and summary of the {C}anadian, {J}apanese and {U}.{S}. joint data base of sablefish tag releases and recoveries during 1977-1983",
institution = "{U}.{S}. Department of Commerce",
number = "NMFS F/NWC-137",
pages = {34~p},
}


@article{fujiwara1988,
title = "Sex ratio, spawning period, and size and age at maturity of sablefish \emph{{A}noplopoma fimbria} off northern {C}alifornia",
author = "S. Fujiwara and D.G. Hankin",
journal = "Nippon Suisan Gakkaishi",
year = 1988,
volume = 54,
number = "",
pages = "1333-1338",
doi = "",
keywords = "",
qualityassured = "",
manuscript = "sablefish_2015",
}

@article{gertseva2017icesjmsspatial,
author = "Gertseva, V.V. and Matson, S.E. and Cope, J.",
year = 2017,
title = "Spatial growth variability in marine fish: example from {N}ortheast {P}acific groundfish",
journal = "{ICES} Journal of Marine Science",
volume = 74,
number = 6,
pages = "1602-1613"
}

@article{grover1986,
title = "Morphological evidence for starvation and prey size selection of sea-caught larval sablefish \emph{{A}noplopoma fimbria}",
author = "J.J. Grover and B.L. Olla",
journal = "Fisheries Bulletin",
year = 1986,
volume = 84,
number = "",
pages = "484-489",
doi = "",
keywords = "",
qualityassured = "",
manuscript = "sablefish_2019",
}

@article{grover1987,
title = "Effects of an {E}l {N}i\~no event on the food habits of larval sablefish, \emph{{A}noplopoma fimbria}, off {O}regon and {W}ashington",
author = "J.J. Grover and B.L. Olla",
journal = "Fisheries Bulletin",
year = 1987,
volume = 85,
number = "",
pages = "71-79",
doi = "",
keywords = "",
qualityassured = "",
manuscript = "sablefish_2015",
}

@article{grover1990,
title = "Food habits of larval sablefish \emph{{A}noplopoma fimbria} from the {B}ering {S}ea",
author = "J.J. Grover and B.L. Olla",
journal = "Fisheries Bulletin",
year = 1990,
volume = 88,
number = "",
pages = "811-814",
doi = "",
keywords = "",
qualityassured = "",
manuscript = "sablefish_2019",
}

@article{GroverBuckleyEtAl2002,
author =  {J.J. Grover and T.W. Buckley and D. Woodbury},
title =   {Effects of the 1997-1998 El Ni\~no on early-juvenile {P}acific hake \emph{Merluccius productus}: age, growth, abundance, and diet in coastal nursery habitats},
journal = {Marine Ecology Progress Series},
year =    {2002},
volume =  {240},
pages =   {235-247},
note =    {10.3354/meps240235}
}

@article{guzman2017,
title = {Reproductive life history of sablefish (\emph{{A}noplopoma fimbria}) from the {U}.{S}. {W}ashington coast},
author = {J.M. Guzm\'{a}n and J.A. Luckenback and M.A. Middleton and K.C. Massee and C. Jensen and F.W. Goetz and A.J. Jasonowicz and P. Swanson},
journal = {{PLOS} One},
volume = 12,
number = 9,
year = 2017,
pages = {0184413},
doi = {10.1371/journal.pone.0184413}}

@article{GwinnAllenEtAl2010,
author =   {Gwinn, Daniel C. and Allen, Micheal S. and Rogers, Mark W.},
title =    {Evaluation of procedures to reduce bias in fish growth parameter estimates resulting from size-selective sampling},
journal =  {Fisheries Research},
year =     {2010},
volume =   {105},
number =   {2},
pages =    {75-79},
keywords = {von Bertalanffy Growth Bias Gear selectivity}
}

@techreport{haist2005,
title = "Sablefish (\emph{{A}noplopoma fimbria}) in {B}ritish {C}olumbia, {C}anada: stock assessment update for 2004 and advice to managers for 2005",
author = "V. Haist and A.R. Kronlund and M.R. Wyeth",
year = 2005,
number = "2005/031",
pages = "16~p",
institution = "Canadian Science Advisory Secretariat",
keywords = "",
qualityassured = "",
manuscript = "sablefish_2015",
}

@Misc{haltuch2019PFMC,
author = {Haltuch, M.A. and Johnson, K.F. and Tolimieri, N. and Castillo-Jord{\'a}n, C.A. and Kapur, M.R.},
title = {Status of the sablefish stock in {U}.{S}. and {C}anadian waters in 2019},
year = {2019},
address = {Pacific Fishery Managment Council, Portland, OR. Available at {http://www.pcouncil.org/groundfish/stock-assessments/by-species/sablefish}},
}

@Misc{HamelStewart2009,
title =   {Stock Assessment of Pacific Hake, \emph{Merluccius productus}, (a.k.a. whiting) in {U}.{S}. and {C}anadian Waters in 2009. Available at {\protect{http://www.pcouncil.org/groundfish/stock-assessments/by-species/pacific-whiting-hake}}},
year =    {2009},
author =  {Hamel, O. S. and Stewart, I. J.},
address = {Pacific Fishery Managment Council, Portland, OR. 246 p. Available at {http://www.pcouncil.org/groundfish/stock-assessments/by-species/pacific-whiting-hake}}
}

@article{hamel2015icesjms,
title = "A method for calculating a meta-analytical prior for the natural mortality rate using multiple life history correlates",
author = "O.S. Hamel",
journal = "{ICES} Journal of Marine Science",
year = 2015,
volume = 72,
number = 1,
pages = "62-69",
doi = "",
keywords = "",
qualityassured = "",
manuscript = "sablefish_2015",
}

@InCollection{HamelEtAl2015,
author =    {Hamel, O.S. and Ressler, P. H. and Thomas, R. E. and Waldeck, D. A. and Hicks, A. C. and Holmes, J. A. and Fleischer, G. W.},
title =     {Biology, fisheries, assessment and management of {P}acific hake (\emph{Merluccius productus})},
booktitle = {Hakes: biology and exploitation},
chapter = {9},
publisher = {Wiley Blackwell},
year =      {2015},
editor = {Arancibia, H.},
pages =     {234-262}
}

@article{hanselman2015cjfasmove,
author = "Hanselman, D.H. and Heifetz, J. and Echave, K.B. and Dressel, S.C.",
year = 2015,
journal = "Canadian Journal of Fish and Aquatic Sciences",
title = "Move it or lose it: movement and mortality of sablefish tagged in {A}laska",
volume = 72,
issue = 2,
pages = "238-251",
doi = "10.1139/cjfas-2014-0251"}


@techreport{hanson2019,
author = "M.B. Hanson and T.P. Good and J.E. Jannot and J. Mc{V}eigh",
title = "Estimated humpback whale bycatch in the {U}.{S}. {W}est {C}oast {G}roundfish {F}isheries",
year = 2019,
institution = "National Marine Fisheries Services, Northwest Fisheries Science Center",
address = "Seattle, WA",
manuscript = "sablefish_2019",
}

@techreport{harvey2019,
author = "C.H. Harvey and T. Garfield and G. Williams and N. Tolimieri",
title = "{C}alifornia {C}urrent {I}ntegrated {E}cosystem {A}ssessment ({CCIEA}) {C}alifornia {C}urrent {E}cosystem {S}tatus {R}eport",
year = 2019,
institution = "Pacific Fishery Management Council",
address = "Portland, OR",
manuscript = "sablefish_2019",
}

@techreport{hanselman2010,
author = "D.H. Hanselman and C.R. Lunsford and C.J. Rodgveller",
year = 2010,
title = "Chapter 3: Assessment of sablefish stock in {A}laska {NPFMC} {B}ering {S}ea, {A}leutian {I}slands and {G}ulf of {A}laska {SAFE}",
institution = "North Pacific Fisheries Management Council",
address = "Seattle, WA",
pages = "329-468"}

@techreport{hanselman2014,
author = "D.H. Hanselman and C.R. Lunsford and C.J. Rodgveller",
year = 2014,
title = "Chapter 3: Assessment of sablefish stock in {A}laska {NPFMC} {B}ering {S}ea, {A}leutian {I}slands and {G}ulf of {A}laska {SAFE}",
institution = "North Pacific Fisheries Management Council", 
address = "Seattle, WA",
pages = "283-424"}

@techreport{hanselman2018,
author = "D.H. Hanselman and C.J. Rodgveller and K.H. Fenske and S.K. Shotwell and K.B. Echave and P.W. Malecha and C.R. Lunsford",
year = 2018,
title = "Chapter 3: Assessment of {S}ablefish stock in {A}laska {NPFMC} {B}ering {S}ea, {A}leutian {I}slands and {G}ulf of {A}laska {SAFE}",
institution = "North Pacific Fisheries Management Council", 
address = "Seattle, WA",
pages = "218~p"}

@techreport{hart1973,
author = "J.L. Hart",
year = 1973,
title = "Pacific Fishes of {C}anada",
institution = "Fisheries Research Board of Canada Bulletin",
number = 180,
address = "St. Andrews, NB, Canada",
pages = "740~p",
}

@article{he2006,
author = "X. He and M. Mangel and A. Mac{C}all",
title = "A prior for steepness in stock-recruitment relationships, based on an evolutionary persistence principle",
journal = "Fishery Bulletin",
year = 2006,
volume = 104,
number = "",
pages = "428-433",
doi = "",
keywords = "",
qualityassured = "",
manuscript = "sablefish_2015",
}

@article{head2014fishres,
author = {M.A. Head and A.A. Keller and M. Bradburn},
title = {Maturity and growth of sablefish, \emph{{A}noplopoma fimbria}, along the {U.S.} {W}est {C}oast},
year = 2014,
journal = {Fisheries Research},
volume = 159,
issue = {},
pages = {56-67},
}

@article{heifetz1991fishresmovement,
author = "Heifetz, J. and Fujioka, J.T.",
year = 1991,
title = "Movement dynamics of tagged sablefish in the northeastern {P}acific",
journal = "Fisheries Research",
volume = 11, 
pages = "355-374",
}

@Misc{HelserDornEtAl2002,
author =   {Helser, Thomas E. and Dorn, Martin W. and Saunders, Mark W. and Wilson, Christopher D. and Guttormsen, Michael A. and Cooke, Kenneth and Wilkins, Mark E.},
title =    {Stock assessment of Pacific whiting in {U}.{S}. and {C}anadian waters in 2001},
institution = {Pacific Fishery Management Council},
address = {Portland, OR},
url = {http://www.pcouncil.org/groundfish/stock-assessments/by-species/pacific-whiting-hake},
year =     {2002},
keywords = {Stock assessment AD model builder}
}

@article{helser_generalized_2004,
title = {A generalized linear mixed model analysis of a multi-vessel fishery resouce survey},
volume = {70},
author = {Helser, T.E. and Punt, A.E. and Methot, R.D.},
journal = {Fisheries Research},
year = {2004},
pages = {251-264},
}

@Misc{HelserFleischerEtAl2005,
author = {Helser, T. E. and Fleischer, Guy W. and Martell, Steven J. D. and Taylor, Nathan},
title =  {Stock assessment of {P}acific hake (whiting) in U.S. and Canadain waters in 2004. Available at {\protect{http://www.pcouncil.org/groundfish/stock-assessments/by-species/pacific-whiting-hake}}},
year =   {2005}
}
%   pages =  {131~p}    as for Dorn and Saunders 1992 this messes up web link
%                         in .pdf, so just leave out (as we have for most).
%                         \protect didn't fix it.

@Misc{HelserMartell2007,
author = {Helser, T.E. and Martell, S.J.D.},
title =  {Stock assessment of {P}acific hake (whiting) in {U}.{S}. and {C}anadian waters in 2007. Available at {http://www.pcouncil.org/groundfish/stock-assessments/by-species/pacific-whiting-hake}},
year =   {2007}
}

@Misc{HelserMethotEtAl2004,
author =   {Helser, Thomas E. and Methot, Richard D. and Fleischer, Guy W.},
title =    {Stock assessment of {P}acific hake (whiting) in {U}.{S}. and {C}anadian waters in 2003. Available at {http://www.pcouncil.org/groundfish/stock-assessments/by-species/pacific-whiting-hake}},
year =     {2004},
keywords = {Stock assessment groundfish West coast fishery}
}

@Misc{HelserStewartEtAl2006,
author =   {Helser, Thomas E. and Stewart, Ian Jeremy and Fleischer, Guy W. and Martell, Steven J. D.. },
title =    {Stock Assessment of Pacific Hake (whiting) in {U}.{S}. and {C}anadian Waters in 2006. Available at {http://www.pcouncil.org/groundfish/stock-assessments/by-species/pacific-whiting-hake}},
year =     {2006},
keywords = {hake}
}

@InBook{HelserStewartEtAl2008,
title =     {Stock Assessment of Pacific Hake, \emph{Merluccius productus}, (a.k.a whiting) in {U}.{S}. and {C}anadian Waters in 2008. Available at {http://www.pcouncil.org/groundfish/stock-assessments/by-species/pacific-whiting-hake}},
year =      {2008},
author =    {Helser, T. E. and Stewart, Ian Jeremy and Hamel, O. S.},
address =   {Pacific Fishery Managment Council, Portland, OR. 128~p.},
booktitle = { in Status of the Pacific Coast Groundfish Fishery through 2008, Stock Assessment and Fishery Evaluation: Stock Assessments, STAR Panel Reports, and Rebuilding Analyses}
}

@InBook{HicksCoxEtAl2015,
title =     {Conservation and yield performance of harvest control rules for the transboundary {P}acific hake (\emph{Merluccius productus}) fishery in {U}.{S}. and {C}anadian waters},
year =      {2015},
author =    {Hicks, Allan C. and Cox, Sean and Taylor, Nathan and Taylor, Ian G. and Grandin, Chris J. and Ianelli, Jim},
booktitle = {DRAFT book chapter submitted in 2015 and distributed at SRG meeting in 2015.}
}

@article{Hoenig1983,
author =   {Hoenig, J. M.},
title =    {Empirical use of longevity data to estimate mortality rates},
journal =  {Fishery Bulletin},
year =     {1983},
volume =   {82},
pages =    {898-903},
keywords = {natural mortality meta-analysis}
}

@Misc{HollowedAdlersteinEtAl1988,
author = {Hollowed, A. B. and Adlerstein, S. and Francis, R. C. and Saunders, M.},
title =  {Status of the Pacific whiting resource in 1987 and recommendations for management in 1988. Available at {\protect{http://www.pcouncil.org/groundfish/stock-assessments/by-species/pacific-whiting-hake}}},
year =   {1988}
}

@Misc{HollowedMethotEtAl1988,
author =      {Hollowed, Anne Babcock and Methot, R. D. and Dorn, Martin W.},
title =       {Status of the PAcific whiting resource in 1988 and recommendations to mangement in 1989},
institution = {National Marine Fisheries Service. 51 p.},
year =        {1988}
}

@article{hunter1989,
author = "J.R. Hunter and B.J. Macewicz and C.A. Kimbrell",
year = 1989,
title = "Fecundity and other aspects of the reproduction of sablefish, \emph{{A}noplopoma fimbria}, in central {C}alifornia waters",
Journal = "California Cooperative Oceanic Fisheries Investigations Reports",
volume = 30,
pages = "61-72",
manuscript = "sablefish_2015",
}

@article{IshimuraPuntEtAl2005,
author =   {Ishimura, Gakushi and Punt, A.E. and Huppert, Daniel D.},
title =    {Management of fluctuating fish stocks: the case of Pacific whiting},
journal =  {Fisheries Research},
year =     {2005},
volume =   {73},
pages =    {201-216},
keywords = {hake simulation management strategies operating model}
}

@article{IwamotoFordEtAl2004,
author =  {Iwamoto, Eric and Ford, Michael J. and Gustafson, Richard G.},
title =   {Genetic population structure of {P}acific hake, \emph{Merluccius productus}, in the Pacific Northwest},
journal = {Environmental Biology of Fishes},
year =    {2004},
volume =  {69},
pages =   {187-199}
}

@article{iwamoto2015microsatellite,
title={Microsatellite DNA analysis of {P}acific hake \emph{Merluccius productus}
       population structure in the Salish Sea},
author={Iwamoto, E. M. and Elz, A. E. and Garc{\'\i}a-De~Le{\'o}n, F. J.
        and Silva-Segundo, C. A. and Ford, M. J. and Palsson, W. A. and
        Gustafson, R. G.},
journal={ICES Journal of Marine Science},
volume={72},
number={9},
pages={2720-2731},
year={2015}
}

@article{jasonowicz2017cjfaslove,
author = "Jasonowicz, A.J. and Goetz, F.W. and Goetz, G.W. and Nichols, K.M.",
year = 2017,
title = "Love the one you’re with: genomic evidence of panmixia in the sablefish (\emph{{A}noplopoma fimbria})",
journal = "Canadian Journal of Fisheries and Aquatic Science",
volume = 74,
pages = "377-387",
}

% AME from original pdf:
@Misc{JTC2012,
author = {I. J. Stewart and R. E. Forrest and N. Taylor and C. Grandin and A. C. Hicks},
title =  {Status of the {P}acific hake (whiting) stock in {U}.{S}. and {C}anadian Waters in 2012. International Joint Technical Committee for {P}acific hake. 194~p. Available at {\protect{http://www.pcouncil.org/groundfish/stock-assessments/by-species/pacific-whiting-hake}}},
year =   {2012}
}
%   pages = {194~p}

% AME from original pdf:
@Misc{JTC2013,
author = {Hicks, A. C. and N. Taylor and C. Grandin and I. G. Taylor and S. Cox},
title =  {Status of the {P}acific hake (whiting) stock in {U}.{S}. and {C}anadian waters in 2013. International Joint Technical Committee for {P}acific hake. 190~p. Available at {http://www.pcouncil.org/groundfish/stock-assessments/by-species/pacific-whiting-hake}},
year =   {2013}
}
%   pages = {190~p}

% AME from original pdf (capitalisation etc. wasn't consistent through the years
%  but these JTC ones are all correct):
@Misc{JTC2014,
author = {Taylor, N. and A. C. Hicks and I. G. Taylor and C. Grandin  and S. Cox},
title =  {Status of the Pacific Hake (whiting) stock in {U}.{S}. and {C}anadian waters in 2014 with a management strategy evaluation. International Joint Technical Committee for Pacific Hake. 194~p. Available at {\protect{http://www.pcouncil.org/groundfish/stock-assessments/by-species/pacific-whiting-hake}}},
year =   {2014}
}
%   pages = {194~p}

% AME from original pdf:
@Misc{JTC2015,
author = {Taylor, I. G. and C. Grandin and A. C. Hicks and N. Taylor and S. Cox},
title =  {Status of the Pacific Hake (whiting) stock in {U}.{S}. and {C}anadian waters in 2015. Prepared by the Joint Technical Committee of the U.S. and Canada Pacific Hake/whiting Agreement; National Marine Fishery Service; Canada Department of Fisheries and Oceans. 159~p. Available at {\protect{http://www.pcouncil.org/groundfish/stock-assessments/by-species/pacific-whiting-hake}}},
year =   {2015}
}
%  pages = {159~p}

% AME from original pdf:
@Misc{JTC2016,
author = {Grandin, C. J. and A. C. Hicks and A. M. Berger and A. M. Edwards and N. Taylor and I. G. Taylor and S. Cox},
title =  {Status of the Pacific Hake (whiting) stock in {U}.{S}. and {C}anadian waters in 2016. Prepared by the Joint Technical Committee of the U.S. and Canada Pacific Hake/whiting Agreement, National Marine Fishery Service and Fisheries and Oceans Canada. 165~p. Available at {http://www.pcouncil.org/groundfish/stock-assessments/by-species/pacific-whiting-hake}},
year =   {2016}
}
%   pages = {165~p}

% AME from original pdf:
@Misc{JTC2017,
author = {Berger, A. M. and C. J. Grandin and I. G. Taylor and A. M. Edwards
           and S. Cox},
title = {Status of the Pacific Hake (whiting) stock in {U}.{S}. and {C}anadian
                waters in 2017. Prepared by the Joint Technical Committee of
                the U.S. and Canada Pacific Hake/whiting Agreement, National
                Marine Fishery Service and Fisheries and Oceans
                Canada. 203~p. Available at
{http://www.pcouncil.org/groundfish/stock-assessments/by-species/pacific-whiting-hake}},
year =   {2017}
}

@Misc{JTC2018,
author = {A. M. Edwards and I. G. Taylor and C. J. Grandin and A. M. Berger},
title = {Status of the Pacific Hake (whiting) stock in {U}.{S}. and {C}anadian
                waters in 2018. Prepared by the Joint Technical Committee of
                the U.S. and Canada Pacific Hake/whiting Agreement, National
                Marine Fishery Service and Fisheries and Oceans
                Canada. 222~p. Available at
{https://www.westcoast.fisheries.noaa.gov/publications/fishery\_management/groundfish/whiting/hake-assessment-2018.pdf}},
year =   {2018}
}

@techreport{johnson2016sablefish,
author = "K.F. Johnson and M.B. Rudd and M. Pons and C.A. Akselrud and Q. Lee and F. Hurtado-{F}erro and M.A. Haltuch and O.S. Hamel",
title = "Status of the {U}.{S}. sablefish resource in 2015",
year = 2016,
institution = "Pacific Fishery Management Council",
address = "Portland, OR",
url = "http://www.pcouncil.org/groundfish/stock-assessments",
}

@article{kapur2020,
author = "Kapur, M. and Haltuch, M.A. and Punt, A.E.",
title = "A data-driven approach to evaluate spatial growth zonation, with application to {NE} {P}acific sablefish",
journal = "Fisheries Research",
year = "in review",
volume = "",
page = "",
}

@techreport{karnowski2014,
author = "M. Karnowski and V.V. Gertseva and A. Stephens",
title = "Historical reconstruction of {O}regon's commercial fisheries landings",
year = 2014,
institution = "Fish Division, Oregon Department of Fish and Wildlife",
address = "Newport, OR",
url = "https://digital.osl.state.or.us/islandora/object/osl%3A19032",
number = "2014-02"
}

@techreport{keller2017,
author = "A.A. Keller and J.R. Wallace and R.D. Methot",
title = "The {N}orthwest {F}isheries {S}cience {C}enter's west coast groundfish bottom trawl survey: history, design, and description",
year = 2017,
institution = "Fishery Resource Analysis and Monitoring Division, Northwest Fisheries Science Center",
address = "Seattle, WA",
number = "TM-NWFSC-126",
doi = "10.78289/V5/TM-NWFSC-126"}

@Misc{KieserSaundersEtAl1999,
author = {Kieser, R. and Saunders, M.W. and Cooke, K.},
title =  {Review of hydroacoustic methodology and {P}acific hake biomass estimates for the {S}trait of {G}eorgia, 1981 to 1998},
year =   {1999}
}

@article{kimura1985,
title = "Bootstrap methods for evaluating sablefish pot index surveys",
author = "D.K. Kimura and J.W. Balsinger",
journal = "North American Journal of Fisheries Management",
year = 1985,
volume = 5,
number = "",
pages = "47-56",
doi = "",
keywords = "",
qualityassured = "",
manuscript = "",
}

@article{KingMcFarlaneEtAl2012,
author =   {King, Jacquelynne R. and McFarlane, Gordon A. and Jones, Simon R. M. and Gilmore, Scott R. and Abbott, Cathryn L.},
title =    {Stock delineation of migratory and resident {P}acific hake in {C}anadian waters},
journal =  {Fisheries Research},
year =     {2012},
volume =   {114},
pages =    {19-30},
keywords = {{P}acific hake \emph{Merluccius productus} Stock delineation Population genetics Parasite infection}
}

@article{kristensen_tmb_2016,
title = {{TMB}: {A}utomatic {D}ifferentiation and {L}aplace approximation},
volume = {70},
journal = {Journal of Statistical Software},
author = {Kristensen, K. and Nielsen, A. and Berg, C.W. and Skaug, H.J. and Bell, B.M.},
year = {2016},
pages = {1-21},
}

@techreport{kronlund2010,
author = "A.R. Kronlund",
year = 2010,
title = "Management procedures for the multi-gear sablefish (\emph{\emph{{A}noplopoma fimbria}}) fishery in {B}ritish {C}olumbia, {C}anada",
institution = "Department of Fisheries and Oceans Canada",
address = "Nanaimo, BC",
}

@article{KuriyamaOnoEtAl2015,
author = {P.T. Kuriyama and K. Ono and F. Hurtado-Ferro and
A.C. Hicks and I.G. Taylor and R.R. Licandeo and K.F.
Johnson and S.C. Anderson and C.C. Monnahan and M.B. Rudd and
C.C. Stawitz and J.L. Valero},
title = {An empirical weight-at-age approach reduces estimation bias compared to modeling parametric growth in integrated, statistical stock assessment models when growth is time varying},
journal =  {Fisheries Research},
year =     {2016},
volume =   {180},
pages =    {119-127},
doi = {10.1016/j.fishres.2015.09.007}
}

@article{levin2016,
title = "Conceptualization of social-ecological systems of the {C}alifornia {C}urrent: an examination of interdisciplinary science supporting ecosystem-based management",
author = "P.S. Levin and S.J. Breslow and C.J. Harvey and K.C. Norman and M.R. Poe and G.D. Williams and M.L Plummer",
journal = "Coastal management",
year = 2016,
volume = 44,
number = "",
pages = "379-408",
doi = "",
keywords = "",
qualityassured = "",
manuscript = "sablefish_2019",
}

@article{lee2019fishresone,
author = {Lee, H. and Piner, K.R. and Taylor, I.G. and Kitakado, T.},
title = {On the use of conditional age at length data as a likelihood component in integrated population dynamics models},
journal =  {Fisheries Research},
year =     {2019},
volume =   {216},
pages =    {204-211},
doi = {10.1016/j.fishres.2019.04.007}
}

@Book{LlorisMatallanasEtAl2005,
title =     {Hakes of the world (family Merlucciidae). An annotated and illustrated catalogue of hake species known to date},
publisher = {FAO Species Catalogue for Fishery Purposes},
year =      {2005},
author =    {Lloris, D. and Matallanas, J. and Oliver, P.},
address =   {Rome},
pages =     {69~p}
}

@techreport{low1976,
author = "L.L. Low and G.K. Tanonaka and H.H. Shippen",
year = 1976,
title = "Sablefish of the {N}ortheastern {P}acific {O}cean and {B}ering {S}ea",
institution = "{U}.{S}. Department of Commerce",
address = "Seattle, WA", 
pages = {115~p},
}

@techreport{lynch2018,
author = "P.D. Lynch and R.D. Methot and J.S. Link",
title = "Implementing a {N}ext {G}eneration {S}tock {A}ssessment {E}nterprise an update to the {NOAA} {F}isheries {S}tock {A}ssessment {I}mprovement {P}lan",
year = 2018,
institution = "{U}.{S}. Department of Commerce",
number = "NMFS-F/SPO-184"}

@techreport{lynde1986,
author = "M.V.H. Lynde",
year = 1986,
title = "The historical annotated landings ({HAL}) database: documentation of annual harvest of groundfish from the northeast {P}acific and eastern {B}ering {S}ea from 1956 to 1980",
institution = "{U}.{S}. Department of Commerce",
address = "Seattle, WA",
number = "NMFS F/NWC-103",
pages = "197~p",
}

@article{LudwigWalters1981,
author =   {Ludwig, D. and C. J. Walters},
title =    {Measurement errors and uncertainty in parameter estimates for stock and recruitment},
journal =  {Canadian Journal of Fisheries and Aquatic Sciences},
year =     {1981},
volume =   {38},
pages =    {711-720}
}

@article{macewicz1994,
title = "Fecundity of sablefish, \emph{{A}noplopoma fimbria}, from {O}regon coastal waters",
author = "B.J. Macewicz and J.R. Hunter",
journal = "California Cooperative Oceanic Fisheries Investigations Reports",
year = 1994,
volume = 35,
number = "",
pages = "160-174",
doi = "",
keywords = "",
qualityassured = "",
manuscript = "sablefish_2015",
}

@Misc{Martell2010,
author = {Martell, Steven J. D.},
title =  {Assessment and management advice for {P}acific hake in {U}.{S}. and {C}anadian waters in 2010. Available at {http://www.pcouncil.org/groundfish/stock-assessments/by-species/pacific-whiting-hake}},
year =   {2010}
}

@article{MartellPineIIIEtAl2007,
author =   {Martell, Steven J. D. and Pine III, W. E. and Walters, C. J.},
title =    {Parameterizing age-structured models from a fisheries management perspective},
journal =  {Canadian Journal of Fisheries and Aquatic Sciences},
year =     {2007},
volume =   {65},
pages =    {1586-1600},
keywords = {hake}
}

@article{maunder2003,
title = "A general framework for integrating environmental time series into stock assessment models: model description, simulation testing, and example",
author = "M.N. Maunder and G.M. Watters",
journal = "Fishery Bulletin",
year = 2003,
volume = 101,
number = "",
pages = "88-99",
doi = "",
keywords = "",
qualityassured = "",
manuscript = "sablefish_2015",
}

@article{maunder2004fishresadjusting,
author =   {Maunder, M.N. and Punt, A.E.},
title =    {Standardizing catch and effort data: a review of recent approaches},
journal =  {Fisheries Research},
year =     2004,
volume =   70,
pages =    {141-159},
keywords = {hake},
doi = {10.1016/j.fishres.2004.08.002},
}

@article{mcclure2020,
title = "Climate Vulnerability Analysis",
author = "M. Mc{C}lure and M.A. Haltuch",
journal = "",
year = "in preparation",
volume = "",
number = "",
pages = "",
doi = "",
keywords = "",
qualityassured = "",
manuscript = "",
}

@techreport{mcdevitt1987sablefish,
author = "S.A. Mc{D}evitt",
year = 1987,
title = "The status of the sablefish resource in waters off the {U}.{S}. {W}est {C}oast",
institution = "Pacific Fishery Management Council",
address = "Portland, OR",
url = "http://www.pcouncil.org/groundfish/stock-assessments/"
}

@article{mcfarlane1990,
title = "Effect of an external tag on growth of sablefish(\emph{{A}noplopoma fimbria}), and consequences to mortality and age at maturity",
author = "G.A. Mc{F}arlane and R.J. Beamish",
journal = "Canadian Journal of Fisheries and Aquatic Sciences",
year = 1990,
volume = 47,
number = "",
pages = "1551-1557",
doi = "",
keywords = "",
qualityassured = "",
manuscript = "sablefish_2015",
}

@techreport{methot1992,
author = "R.D. Methot",
year = 1992,
title = "Assessment of the west coast sablefish stock in 1992",
institution = "Pacific Fishery Management Council",
address = "Portland, OR",
url = "http://www.pcouncil.org/groundfish/stock-assessments/"
}

@techreport{methot1994,
author = "R.D. Methot",
year = 1994, 
title = "Assessment of the west coast sablefish stock in 1994",
institution = "Pacific Fishery Management Council",
address = "Portland, OR",
url = "http://www.pcouncil.org/groundfish/stock-assessments/"
}

@techreport{methot1988sablefish,
author = "R.D. Methot and J. Hightower",
title = "Status of the {W}ashington-{O}regon-{C}alifornia sablefish stock in 1988",
year = 1988,
institution = "Pacific Fishery Management Council",
address = "Portland, OR",
url = "http://www.pcouncil.org/groundfish/stock-assessments/"
}

@techreport{methot1989sablefish,
author = "R.D. Methot and J. Hightower",
year = 1989,
title = "Status of the {W}ashington-{O}regon-{C}alifornia sablefish stock in 1989",
institution = "Pacific Fishery Management Council",
address = "Portland, OR",
url = "http://www.pcouncil.org/groundfish/stock-assessments/"
}

@techreport{methot1990sablefish,
author = "R.D. Methot and J. Hightower",
year = 1990, 
title = "Assessment of the west coast sablefish stock in 1990 and recommendations to management in 1991",
institution = "Pacific Fishery Management Council",
address = "Portland, OR",
url = "http://www.pcouncil.org/groundfish/stock-assessments/"
}

@techreport{methot1998sablefish,
author = "R.D. Methot and P.R. Crone and R.J Conser and j. Brodziak and T.L. Builder and D. Kamikawa",
year = 1998, 
title = "Status of the sablefish resource off the {U}.{S}. {P}acific {C}oast in 1998",
institution = "Pacific Fishery Management Council",
address = "Portland, OR",
url = "http://www.pcouncil.org/groundfish/stock-assessments/"
}

@article{MethotTaylor2011,
author =  {R.D. Methot and I.G. Taylor},
title =   {Adjusting for bias due to variability of estimated recruitments in fishery assessment models},
journal = {Canadian Journal of Fisheries and Aquatic Sciences},
year =    {2011},
volume =  {68},
pages =   {1744-1760}
}

@article{MethotWetzel2013,
author =  {Methot, R. D. and Wetzel, C. R.},
title =   {Stock synthesis: a biologial and statistical framework for fish stock assessment and fishery management},
journal = {Fisheries Research},
year =    {2013},
volume =  {142},
pages =   {86-99}
}

@Manual{MethotEtAl2018,
author =  {Methot, R. D. and Wetzel, C. R. and Taylor, I. G.},
title =   {Stock Synthesis User Manual Version 3.30.10},
organization = {NOAA Fisheries},
address = {Seattle, WA USA. Available from
  {{https://vlab.ncep.noaa.gov/web/stock-synthesis}}},
year =    {2018}
}

@article{McAllisterIanelli1997,
author =  {McAllister, M. K. and Ianelli, J. N.},
title =   {Bayesian stock assessment using catch-age data and the sampling-importance resampling algorithm},
journal = {Canadian Journal of Fisheries and Aquatic Sciences},
year =    {1997},
volume =  {54},
pages =   {284-300}
}

@article{MelloRose2005,
author =  {Mello, L. G. S. and Rose, G. A.},
title =   {Using geostatistics to quantify seasonal distribution and aggregation patterns of fishes: an example of Atlantic cod (\emph{{G}adus morhua)}},
journal = {Canadian Journal of Fisheries and Aquatic Sciences},
year =    {2005},
volume =  {62},
number =  {3},
pages =   {659-670}
}

@article{MonnahanThorsonEtAl17,
author =  {Monnahan, C. C. and Thorson, J. T. and Branch, T. A.},
title =   {Faster estimation of Bayesian models in ecology using Hamiltonian Monte Carlo},
journal = {Methods in Ecology and Evolution},
year =    {2017},
volume =  {8},
pages =   {339-348}
}

@article{morita2012envbiofishsex,
author = "Morita, S.H. and Morita, K. and Nishimura, A.",
year = 2012,
title = "Sex-biased dispersal and growth in sablefish (\emph{{A}noplopoma fimbria}) in the northeastern {P}acific {O}cean",
journal = "Environmental Biology of Fishes",
volume = 94,
pages = "505-511",
}

@article{MyersBowenEtAl1999,
author =   {Myers, R. A. and Bowen, K. G. and Barrowman, N. J.},
title =    {Maximum reproductive rate of fish at low population sizes},
journal =  {Canadian Journal of Fisheries and Aquatic Sciences},
year =     {1999},
volume =   {56},
pages =    {2404-2419},
keywords = {meta-analysis Flatfish z steepness stock-Recruitment}
}

@techreport{noaa2016,
author = "{{NOAA} National Oceanic and Atmospheric Administration}",
title = "{NOAA} Fisheries ecosystem-based fisheries management road map",
year = 2016,
institution = "{U}.{S}. Department of Commerce",
number = "NMFSI-01-120-01",
manuscript = "sablefish_2019",
}

@article{ODriscoll2004,
author =   {O'Driscoll, Richard L},
title =    {Estimating uncertainty associated with acoustic surveys of spawning hoki (Macruronus novaezelandiae) in Cook Strait, New Zealand},
journal =  {ICES Journal of Marine Science: Journal du Conseil},
year =     {2004},
volume =   {61},
number =   {1},
pages =    {84-97},
}

@article{ostrom2009,
title = "A general framework for analyzing sustainability of social-ecological systems",
author = "E. Ostrom",
journal = "Science",
year = 2009,
volume = 325,
number = 5939,
pages = "419-422",
doi = "10.1126/science.1172133",
keywords = "",
qualityassured = "",
manuscript = "sablefish_2019",
}

@techreport{parks1981,
author = "N.B. Parks and S.E. Hughes",
year = 1981,
title = "Changes in relative abundance and size composition of sablefish in coastal waters of {W}ashington and {O}regon, 1979-80",
institution = "{U}.{S}. Department of Commerce",
number = "NMFS F/NWC-8",
pages = "25~p",
}

@techreport{parks1983,
author = "N.B. Parks and F.R. Shaw",
year = 1983,
title = "Changes in relative abundance and size composition of sablefish in coastal waters of {W}ashington and {O}regon, 1979-81, and {C}alifornia, 1980-82",
institution = "Proceedings of the International Sablefish Symposium",
address = "Anchorage, AK",
}

@techreport{parks1985,
author = "N.B. Parks and F.R. Shaw",
year = 1985,
title = "Changes in relative abundance and size composition of sablefish in coastal waters of {W}ashington and {O}regon, 1979-85",
institution = "U.S. Department of Commerce, National Marine Fisheries Service",
number = "NWAFC Processed Report 85-16",
pages = "21~p",
}

@techreport{parks1987,
author = "N.B. Parks and F.R. Shaw",
year = 1987,
title = "Changes in relative abundance and size composition of sablefish in coastal waters of {W}ashington and {O}regon, 1979-85",
institution = "{U}.{S}. Department of Commerce",
number = "NMFS F/NWC-124",
address = "Seattle, WA",
pages = "41~p",
}

@techreport{parks1988,
author = "N.B. Parks and F.R. Shaw",
year = 1988,
title = "Abundance and size composition of sablefish (\emph{{A}noplopoma fimbria}) in the coastal waters of {C}alifornia and southern {O}regon, 1984-86",
institution = "{U}.{S}. Department of Commerce",
address = "Seattle, WA",
}

@techreport{parks1989,
author = "N.B. Parks and F.R. Shaw",
year = 1989,
title = "Changes in relative abundance and size composition of sablefish (\emph{{A}noplopoma fimbria}) in the coastal waters of {C}alifornia and southern {O}regon, 1984-1988",
institution = "{U}.{S}. Department of Commerce",
number = "NMFS F/NWC-167",
address = "Seattle, WA",
pages = "32~p",
}

@article{pauly1980,
title = "On the interrelationships between natural mortality, growth parameters, and mean environmental temperature in 175 fish stocks",
author = "D. Pauly",
journal = "{ICES} Journal of Marine Science",
year = 1980,
volume = 39,
number = 2,
pages = "175-192",
doi = "10.1093/icesjms/39.2.175",
keywords = "",
qualityassured = "",
manuscript = "sablefish_2015",
}

@article{Petitgas1993,
author =   {Petitgas, P.},
title =    {Geostatistics for fish stock assessments: a review and an acoustic application},
journal =  {ICES Journal of Marine Science: Journal du Conseil},
year =     {1993},
volume =   {50},
number =   {3},
pages =    {285-298},
}

@techreport{pikitch1988usdoc,
author = "Pikitch, E.K. and Erickson, D.L. and Wallace, J.R.",
year = 1988,
title = "An evaluation of the effectiveness of trip limits as a management tool",
institution = "U.S. Department of Commerce, National Oceanic and Atmospheric Administration, National Marine Fisheries Service",
address = "Seattle, WA",
Number = "88-27",
}

@article{Prager1994,
author =  {Prager, M.H.},
title =   {A suite of extensions to a nonequilibrium surplus-production model},
journal = {Fishery Bulletin},
year =    {1994},
volume =  {92},
pages =   {374-389}
}

@article{punt2008,
title = "Quantifying age-reading error for use in fisheries stock assessments, with application to species in {A}ustralia's southern and eastern scalefish and shark fishery",
author = "A.E. Punt and D.C. Smith and K. Krusic{G}olub and S. Robertson",
journal = "Canadian Journal of Fisheries and Aquatic Sciences",
year = 2008,
volume = 65,
number = "",
pages = "1991-2005",
doi = "",
keywords = "",
qualityassured = "",
manuscript = "sablefish_2015",
}

@Manual{R2018,
  title = {R: A Language and Environment for Statistical Computing},
  author = {{R Core Team}},
  organization = {R Foundation for Statistical Computing},
  address = {Vienna, Austria. Available from {{http://www.R-project.org}}},
  year = {2018},
}

@techreport{ralston2010,
author = "S. Ralston and D.E. Pearson and J.C. Field and S. Robertson",
title = "Documentation of the {C}alifornia catch reconstruction project",
year = 2010,
institution = "{U}.{S}. Department of Commerce",
address = "La Jolla, CA",
number = "NMFS SWFSC-461",
}

@article{ResslerHolmesEtAl2007,
author =  {Ressler, Patrick H. and Holmes, John A. and Fleischer, Guy W. and Thomas, Rebecca E. and Cooke, Kenneth C.},
title =   {{P}acific hake, \emph{Merluccius productus}, autecology: a timely review},
journal = {Marine Fisheries Review},
year =    {2007},
volume =  {69},
number =  {1-4},
pages =   {1-24}
}

@Book{RivoirardSimmondsEtAl2000,
title =     {Geostatistics for estimating fish abundance},
publisher = {Blackwell Science},
year =      {2000},
author =    {Rivoirard, J. and Simmonds, J. and Foote, K. G. and Fernandes, P. and Bez, N.},
address =   {Osney mead, Oxford},
pages =     {206~p}
}

@article{rogers2020,
author =  "Rogers, L.A. and Anderson, S. and Connors, B. and Cox, S. and Haltuch, M.A. and Hanselman, D.",
title =   "Quantifying sablefish movement probabilities to inform fishery management in the northeast {P}acific",
journal = "",
year =    "in preparation",
volume =  "",
pages =   ""
}

@techreport{sampson2002,
author = "D.B. Sampson",
title = "Analysis of data from the at-sea data collection project",
year = 2002,
institution = "Oregon State University",
address = "Corvalis, OR",
}

@techreport{sampson1997,
author = "D.B Sampson and W. Barss and M. Saelens and C. Wood",
title = "The bycatch of sablefish, \emph{{A}noplopoma fimbria}, in the {O}regon whiting fishery",
year = 1997,
institution = "{U}.{S}. Department of Commerce",
address = "Seattle, WA",
number = "NMFS 130",
pages = "183-194"
}

@article{SaundersMcFarlane1997,
author =  {Saunders, Mark W. and McFarlane, Gordon A.},
title =   {Observations on the spawning distribution and biology of offshore {P}acific hake (\emph{Merluccius productus})},
journal = {California Cooperative Oceanic Fisheries Investigations Reports},
year =    {1997},
volume =  {38},
pages =   {147-157}
}

@techreport{schirripa2001sablefish,
author = "M.J. Schirripa and R.D. Methot",
title = "Status of the sablefish resource off the {U}.{S}. {P}acific {C}oast in 2001",
year = 2001,
institution = {Pacific Fishery Management Council}, 
address = {Portland, OR},
url = {http://www.pcouncil.org/groundfish/stock-assessments/},
}


@techreport{schirripa2002sablefish,
author = "M.J. Schirripa",
title = "Status of the {s}ablefish resource off the continental {U}.{S}. {P}acific {C}oast in 2002",
year = 2002,
institution = {Pacific Fishery Management Council}, 
address = {Portland, OR},
url = {http://www.pcouncil.org/groundfish/stock-assessments/},
}

@techreport{schirripa2005sablefish,
author = "M.J. Schirripa and J.J. Colbert",
title = "Status of the {s}ablefish resource off the continental {U}.{S}. {P}acific {C}oast in 2005",
year = 2005,
institution = {Pacific Fishery Management Council}, 
address = {Portland, OR},
url = {http://www.pcouncil.org/groundfish/stock-assessments/},
}

@article{schirripa2005fisheriesoceanography,
title = "Interannual changes in sablefish (\emph{{A}noplopoma fimbria}) recruitment in relation to oceanographic conditions within the {C}alifornia {C}urrent {S}ystem",
author = "M.J. Schirripa and J.J. Colbert",
journal = "Fisheries Oceanography",
year = 2005,
volume = 15,
number = "",
pages = "25-36",
doi = "",
keywords = "",
qualityassured = "",
manuscript = "",
}

@article{schirripa2006,
title = "Interannual changes in sablefish (\emph{{A}noplopoma fimbria}) recruitment in relation to oceanographic conditions within the {C}alifornia {C}urrent {S}ystem",
author = "M.J. Schirripa and J.J. Colbert",
journal = "Fisheries Oceanography",
year = 2006,
volume = 15,
number = "",
pages = "25-36",
doi = "",
keywords = "",
qualityassured = "",
manuscript = "sablefish_2019",
}

@techreport{schirripa2007sablefish,
author = "M.J. Schirripa",
title = "Status of the {s}ablefish resource off the continental {U}.{S}. {P}acific {C}oast in 2007",
year = 2007,
institution = {Pacific Fishery Management Council}, 
address = {Portland, OR},
url = {http://www.pcouncil.org/groundfish/stock-assessments/},
}

@article{schirripa2009icesjms,
title = "Testing different methods of incorporating climate data into the assessment of {U}{S} {W}est {C}oast sablefish",
author = "M.J. Schirripa and C.P. Goodyear and R.M. Methot",
journal = "{ICES} Journal of Marine Science",
year = 2009,
volume = 66,
number = "",
pages = "1605-1613",
doi = "",
keywords = "",
qualityassured = "",
manuscript = "sablefish_2019",
}

@article{schroeder2018cjfas,
title = "Source water variability as a driver of rockfish recruitment in the {C}alifornia {C}urrent {E}cosystem: implications for climate change and fisheries management",
author = "I.D. Schroeder and J.A. Santora and S.J. Bograd and E.L. Hazen and K.M. Sakuma and A.M. Moore and C.A. Edwards and B.K. Wells and J.C. Field",
journal = "Canadian Journal of Fisheries and Aquatic Sciences",
year = 2018,
volume = 76,
number = "",
pages = "950-960",
doi = "",
keywords = "",
qualityassured = "",
manuscript = "sablefish_2019",
}

@article{selden2020,
title = "Adapting to change? {A}vailability of fish stocks to fishing communities on the {U}{S} west coast",
author = "R.L Selden and J.T. Thorson and J.F. Samhouri and N. Tolimieri and S. Brodie and G. Carroll and E. Willis-{N}orton and S.J. Bograd and M.A. Haltuch and K.K. Holsman and M.L. Pinsky and E.L Hazen",
journal = "{ICES} Journal of Marine Science",
year = "in preparation",
volume = "",
number = "",
pages = "",
doi = "",
keywords = "",
qualityassured = "nopagenumbers",
manuscript = "sablefish_2019",
}

@misc{sette1928,
author = "O.E. Sette and R.H. Fiedler",
title = "Fishery industries of the {U}nited {S}tates. {U}.{S}. {B}ureau of {F}isheries",
year = 1928
}

@techreport{shaw1997,
author = "F.R. Shaw and N.B. Parks",
year = 1997,
title = "Movement patterns of tagged sablefish, \emph{{A}noplopoma fimbria}, recovered on seamounts in the {N}ortheast {P}acific {O}cean and {G}ulf of {A}laska",
pages = "151-158",
institution = "{U}.{S}. Department of Commerce",
address = "Seattle, WA",
number = "NMFS 130",
}

@Book{SimmondsMacLennan2006,
title =     {Fisheries Acoustics: Theory and practice, 2nd Edition},
publisher = {Wiley-Blackwell},
year =      {2006},
author =    {J. Simmonds and D.N. Mac{L}ennan},
address =   {Oxford, UK}
}

@article{sogard2017,
title = {Patterns of movement, growth, and survival of adult sablefish (\emph{{A}noplopoma fimbria}) at contrasting depths in slope waters off {O}regon},
author = {S.M. Sogard and S.A. Berkeley},
year = 2017,
journal = {Fisheries Bulletin},
volume = 115,
pages = {233-251}
}

@Misc{StewartHamel2010,
author = {I.J. Stewart and O.S. Hamel},
title =  {Stock Assessment of {P}acific hake, \emph{Merluccius productus}, (a.k.a. whiting) in {U}.{S}. and {C}anadian waters in 2010. Available at {http://www.pcouncil.org/groundfish/stock-assessments/by-species/pacific-whiting-hake}},
year =   {2010}
}

@techreport{StewartForrestEtAl2011,
author = {I.J. Stewart and R.E. Forrest and C.J. Grandin and O.S. Hamel and A.C. Hicks and S.J.D. Martell and I.G. Taylor},
title = {Status of the {P}acific hake (whiting) stock in {U}.{S}. and {C}anadian waters in 2011},
institution = {Pacific Fishery Management Council}, 
address = {Portland, OR},
url = {http://www.pcouncil.org/groundfish/stock-assessments/},
year = {2011}
}

@techreport{stewart2011sablefish,
author = {I.J. Stewart and J.T. Thorson and C. Wetzel},
title = {Status of the {U}.{S}. sablefish resource in 2011},
institution = {Pacific Fishery Management Council}, 
address = {Portland, OR},
url = {http://www.pcouncil.org/groundfish/stock-assessments/},
year = {2011}
}

@article{StewartHicksEtAl2013,
title = {A comparison of stock assessment uncertainty estimates using
maximum likelihood and Bayesian methods implemented with the same model
framework},
author = {I.J. Stewart and A.C. Hicks and I.G. Taylor and J.T.
Thorson and C. Wetzel and S. Kupschus},
journal = {Fisheries Research},
volume = {142},
pages = {37-46},
year = {2013},
doi = {10.1016/j.fishres.2012.07.003},
}

@article{StewartHazenEtAl2014,
author =  {J.S. Stewart and E. Hazen and S.J. Bograd and  J.E.K. Byrnes and D.G. Foley and W.F. Gilly and B.H. Robison and J.C. Field},
title =   {Combined climate- and prey-mediated range expansion of {H}umboldt squid (\emph{{D}osidicus gigas}), a large marine predator in the {C}alifornia {C}urrent {S}ystem},
journal = {Global Change Biology},
year =    {2014},
volume =  {20},
pages =   {1832-1843}
}

@article{TaylorWaltersEtAl2005,
author =  {Taylor, N G and Walters, C J and Martell, S J},
title =   {A new likelihood for simultaneously estimating von Bertalanffy growth parameters, gear selectivity, and natural and fishing mortality},
journal = {Can. J. Fish. Aquat. Sci},
year =    {2005},
volume =  {62},
pages =   {215-223}
}

@article{then2015,
title = "Evaluating the predictive performance of empirical estimators of natural mortality rate using information on over 200 fish species",
author = "A.Y. Then and J.M. Hoenig and N.G. Hall and D.A. Hewitt",
journal = "{ICES} Journal of Marine Science",
year = 2015,
volume = 72,
number = 1,
pages = "82-92",
doi = "",
keywords = "",
qualityassured = "",
manuscript = "sablefish_2015",
}

@article{Thorson2018,
author =   {J.T. Thorson},
title =    {Perspective: let's simplify stock assessment by replacing tuning algorithms with statistics},
journal =  {Fisheries Research},
year =     {2019},
volume =   {217},
qualityassured = {yes},
doi = {10.1016/j.fishres.2018.02.005},
pages =    {133-139}
}

@article{thorson2013,
title = "Accounting for space-time interactions in index standardization models",
author = "J.T. Thorson and E.J. Ward",
journal = "Fisheries Research",
year = 2013,
volume = 147,
number = "",
pages = "426-433",
doi = "10.1016/j.fishres.2013.03.012",
keywords = "",
qualityassured = "",
manuscript = "",
}

@article{ThorsonHicksEtAl2014,
author =   {Thorson, J. T. and Hicks, A. C. and Methot, R. D.},
title =    {Random effect estimation of time-varying factors in {S}tock {S}ynthesis},
journal =  {{ICES} Journal of Marine Science},
year =     {2014},
volume =   {72},
pages =    {178-185},
}

@article{thorson_accounting_2014,
title = {Accounting for vessel effects when standardizing catch rates from cooperative surveys},
volume = {155},
doi = {10.1016/j.fishres.2014.02.036},
journal = {Fisheries Research},
author = {J.T. Thorson and E.J. Ward},
year = {2014},
pages = {168-176},
}

@article{thorson_implementing_2016,
title = {Implementing a generic method for bias correction in statistical models using random effects, with spatial and population dynamics examples},
volume = {175},
doi = {10.1016/j.fishres.2015.11.016},
journal = {Fisheries Research},
author = {Thorson, J.T. and Kristensen, K.},
year = {2016},
pages = {66-74},
}

@article{ThorsonEtAl2017Dirichlet,
title =    {Model-based estimates of effective sample size in stock assessment models using the Dirichlet-multinomial distribution},
author =   {Thorson, J. T and Johnson, K. F. and Methot, R. D. and Taylor, I. G.},
journal =  {Fisheries Research},
year =     {2017},
volume =   {192},
pages =    {84-93},
}
% doi = https://doi.org/10.1016/j.fishres.2016.06.005

@article{thorson_comparing_2017,
title = {Comparing estimates of abundance trends and distribution shifts using single- and multispecies models of fishes and biogenic habitat},
doi = {10.1093/icesjms/fsw193},
journal = {ICES Journal of Marine Science: Journal du Conseil},
author = {Thorson, J.T. and Barnett, L.A.K.},
year = {2017},
pages = {fsw193},
volume = 74,
issue = 5,
}

@article{thorson_guidance_2019,
title = {Guidance for decisions using the {V}ector {A}utoregressive {S}patio-{T}emporal ({VAST}) package in stock, ecosystem, habitat and climate assessments},
doi = {10.1016/j.fishres.2018.10.013},
journal = {Fisheries Research},
author = {Thorson, J.T.},
year = 2019,
volume = 210,
pages = {143-161},
}

@article{tolimieri2018,
title = "Oceanographic drivers of sablefish recruitment in the {C}alifornia {C}urrent",
author = "N. Tolimieri and M.A. Haltuch and Q. Lee and M.G. Jacox and S.J. Bograd",
journal = "Fisheries Oceanography",
year = 2018,
volume = 27,
number = "",
pages = "458-474",
doi = "",
keywords = "",
qualityassured = "",
manuscript = "sablefish_2019",
}

@article{VroomanPaloma1977,
author =  {Vrooman, A.M. and Paloma, P.A.},
title =   {Dwarf hake off the coast of Baja California},
journal = {California Cooperative Oceanic Fisheries Investigations Reports},
year =    {1977},
volume =  {19},
pages =   {67-72}
}

@article{WaltersEssington2010,
author =  {Walters, C. J. and Essington, T.},
title =   {Recovery of Bioenergetics Parameters from Information on Growth: Overview of an Approach Based on Statistical Analysis of Tagging and Size-At-Age Data},
journal = {The Open Fish Science Journal},
year =    {2010},
volume =  {3},
pages =   {52-68}
}

@techreport{weinberg2002noaa,
author = {Weinberg, K.L. and Wilkins, M.E. and Shaw, F.R. and Zimmermann, M.},
title = {The 2001 {P}acific west coast bottom trawl survey of groundfish resources: estimates of distribution, abundance, and length and age composition},
year = {2002},
institution = {{U}.{S}. Department of Commerce},
number = {NMFS-AFSC-128},
pages = {140~p},
}

@techreport{WilsonGuttormsenEtAl2000,
author =      {Wilson, Christopher D. and Guttormsen, Michael A. and Cooke, K. and Saunders, Mark and Kieser, Robert},
title =       {Echo integration-trawl survey of {P}acific hake, \emph{{M}erluccius productus}, off the {P}acific coast of the {U}nited {S}tates and {C}anada during {J}uly-{A}ugust, 1998.},
institution = {{U}.{S}. Department of Commerce},
number = {NMFS-AFSC-118},
pages = {103~p},
year =        {2000},
address = {Seattle, WA},
}

@InBook{WoodburyHollowedEtAl1995,
title =     {Interannual variation in growth rates and back-calculated spawn dates of juvenile {P}acific hake (\emph{Merluccius productus})},
publisher = {p. 481-496. University of South Carolina Press, Columbia.},
year =      {1995},
author =    {Woodbury, D. and Hollowed, Anne and Pearce, J.},
editor =    {Secor, D. H. and Dean, J. M. and Campana, S. E.},
booktitle = {Recent developments in fish otolith research}
}

@article{Xu2019,
author =  {Xu, H. and Thorson, J. T. and Methot, R. D. and Taylor, I. G.},
title =   {A new semi-parametric method for autocorrelated age- and time-varying selectivity in age-structured assessment models},
journal =  {Canadian Journal of Fisheries and Aquatic Sciences},
volume =  {76},
year =    {2019},
pages = {268-285}
}

@techreport{zimmermann2001,
author = "M. Zimmermann and M.E. Wilkins and K.L. Weinberg and R.R. Lauth and F.R. Shaw",
year = 2001,
title = "Retrospective analysis of suspiciously small catches in the {N}ational {M}arine {F}isheries {S}ervice west coast triennial bottom trawl survey",
institution = "{U}.{S}. Department of Commerce",
address = "Seattle, WA",
number = "NOAA 2001-03"
}

@article{zimmermann2003icesjms,
title = "Influence of improved performance monitoring on the consistency of a bottom trawl survey",
author = "M. Zimmermann and M.E. Wilkins and K.L. Weinberg and R.R. Lauth and F.R. Shaw",
journal = "{ICES} Journal of Marine Science",
year = 2003,
volume = 60,
number = "",
pages = "818-826",
doi = "",
keywords = "",
qualityassured = "",
manuscript = "",
}

@article{zimmermann2003cjfas,
author = {Zimmermann, M.},
title = {Calculation of untrawlable areas within the boundaries of a bottom trawl survey},
year = 2003,
journal = {Canadian Journal of Fisheries and Aquatic Sciences},
volume = 60,
pages = {657-669},
doi = {10.1139/F03-055},
}

@article{zuur2003environmetrics,
title = "Estimating common trends in multivariate time series using dynamic factor analysis",
author = "A.F. Zuur and R.J Fryer and I.T. Jolliffe and R. Dekker and J.J. Beukema",
journal = "Environmetrics",
year = 2003,
volume = 14,
number = "",
pages = "665-685",
doi = "",
keywords = "",
qualityassured = "",
manuscript = "sablefish_2019",
}

@article{zuur2003cjfas,
title = "Dynamic factor analysis to estimate common trends in fisheries time series",
author = "A.F. Zuur and I.D. Tuck and N. Bailey",
journal = "Canadian Journal of Fisheries and Aquatic Sciences",
year = 2003,
volume = 60,
number = "",
pages = "542-552",
doi = "",
keywords = "",
qualityassured = "",
manuscript = "sablefish_2019",
}
